<record><leader>00000cas a22000007a 4500</leader><controlfield tag="001">44616500</controlfield><controlfield tag="008">000719d1938194uvaumr ne      0    0eng d</controlfield><datafield ind1=" " ind2=" " tag="010"><subfield code="a">sn 00064705 </subfield></datafield><datafield ind1=" " ind2=" " tag="040"><subfield code="a">NVK</subfield><subfield code="b">eng</subfield><subfield code="c">NVK</subfield><subfield code="d">OCLCF</subfield><subfield code="d">OCLCO</subfield><subfield code="d">OCLCA</subfield><subfield code="d">NVK</subfield></datafield><datafield ind1=" " ind2=" " tag="042"><subfield code="a">msc</subfield></datafield><datafield ind1=" " ind2=" " tag="043"><subfield code="a">n-us-va</subfield></datafield><datafield ind1="0" ind2=" " tag="130"><subfield code="a">Bob cat (New Castle, Va.)</subfield></datafield><datafield ind1="0" ind2="4" tag="245"><subfield code="a">The Bob cat.</subfield></datafield><datafield ind1=" " ind2=" " tag="260"><subfield code="a">New Castle, Va. :</subfield><subfield code="b">C.C.C. Co. 1368,</subfield><subfield code="c">1938-</subfield></datafield><datafield ind1=" " ind2=" " tag="300"><subfield code="a">v.</subfield></datafield><datafield ind1=" " ind2=" " tag="310"><subfield code="a">Monthly</subfield></datafield><datafield ind1="0" ind2=" " tag="362"><subfield code="a">Vol. 1, no. 1 (June 1938)-</subfield></datafield><datafield ind1=" " ind2=" " tag="500"><subfield code="a">Camp F-21.</subfield></datafield><datafield ind1=" " ind2=" " tag="530"><subfield code="a">Available on microfiche from the Center for Research Libraries.</subfield></datafield><datafield ind1=" " ind2=" " tag="530"><subfield code="a">Available on Virginia Chronicle.</subfield></datafield><datafield ind1=" " ind2=" " tag="580"><subfield code="a">C.C.C. Co. 1368 previously published: Craig Camp crier. OLOLUC  ti "BOB CAT (NEW CASTLE VA )"                         Record 1 of 1 NO HOLDINGS IN NVK - 1 OTHER HOLDING</subfield></datafield><datafield ind1="2" ind2="0" tag="610"><subfield code="a">Civilian Conservation Corps (U.S.)</subfield><subfield code="v">Newspapers.</subfield></datafield><datafield ind1=" " ind2="0" tag="651"><subfield code="a">New Castle (Va.)</subfield><subfield code="v">Newspapers.</subfield></datafield><datafield ind1="2" ind2="7" tag="610"><subfield code="a">Civilian Conservation Corps (U.S.)</subfield><subfield code="2">fast</subfield><subfield code="0">(OCoLC)fst00536299</subfield></datafield><datafield ind1=" " ind2="7" tag="651"><subfield code="a">Virginia</subfield><subfield code="z">New Castle.</subfield><subfield code="2">fast</subfield><subfield code="0">(OCoLC)fst01299460</subfield></datafield><datafield ind1=" " ind2="7" tag="655"><subfield code="a">Newspapers.</subfield><subfield code="2">fast</subfield><subfield code="0">(OCoLC)fst01423814</subfield></datafield><datafield ind1="2" ind2=" " tag="710"><subfield code="a">Civilian Conservation Corps (U.S.).</subfield><subfield code="b">Company 1368 (New Castle, Va.)</subfield></datafield><datafield ind1=" " ind2=" " tag="752"><subfield code="a">United States</subfield><subfield code="b">Virginia</subfield><subfield code="c">Craig</subfield><subfield code="d">New Castle.</subfield></datafield><datafield ind1="1" ind2=" " tag="787"><subfield code="t">Craig Camp crier</subfield><subfield code="w">(DLC)sn 00064597</subfield></datafield><datafield ind1="4" ind2="1" tag="856"><subfield code="u">https://www.virginiachronicle.com</subfield></datafield><datafield ind1=" " ind2=" " tag="936"><subfield code="a">Vol. 2, no. 9 (Sept. 1940) LIC</subfield></datafield><datafield ind1="1" ind2=" " tag="029"><subfield code="a">AU@</subfield><subfield code="b">000021676001</subfield></datafield></record>